%% This BibTeX bibliography file was created using BibDesk.
%% http://bibdesk.sourceforge.net/

%% Created for Mac Outreach Admin at 2018-01-29 13:16:46 -0500 


%% Saved with string encoding Unicode (UTF-8) 



@article{swartzman1992spatial,
	Author = {Swartzman, Gordon and Huang, Chisheng and Kaluzny, Stephen},
	Date-Added = {2018-01-28 21:20:59 +0000},
	Date-Modified = {2018-01-28 21:20:59 +0000},
	Journal = {Canadian Journal of Fisheries and Aquatic Sciences},
	Number = {7},
	Pages = {1366--1378},
	Publisher = {NRC Research Press},
	Title = {Spatial analysis of Bering Sea groundfish survey data using generalized additive models},
	Volume = {49},
	Year = {1992}}

@article{chakraborty1996stock,
	Author = {Chakraborty, SK},
	Date-Added = {2018-01-28 21:16:25 +0000},
	Date-Modified = {2018-01-28 21:16:25 +0000},
	Journal = {Journal of the Indian Fisheries Association},
	Pages = {9--15},
	Title = {Stock assessment of sin croaker Johnieops sina (Cuvier) from Bombay waters},
	Volume = {26},
	Year = {1996}}

@article{levi1993analysis,
	Author = {Levi, Dino and Andreoli, MG and Giusto, GB},
	Date-Added = {2018-01-28 21:13:15 +0000},
	Date-Modified = {2018-01-28 21:13:15 +0000},
	Journal = {Fisheries research},
	Number = {3-4},
	Pages = {333--341},
	Publisher = {Elsevier},
	Title = {An analysis based on trawl-survey data of the state of the `Italian'stock of Mullus barbatus in the Sicilian Channel, including management advice},
	Volume = {17},
	Year = {1993}}

@book{sparre1987computer,
	Author = {Sparre, Per},
	Date-Added = {2018-01-28 21:10:03 +0000},
	Date-Modified = {2018-01-28 21:10:03 +0000},
	Publisher = {Food \& Agriculture Org.},
	Title = {Computer programs for fish stock assessment: Length-based fish stock assessment for Apple II computers},
	Volume = {2},
	Year = {1987}}

@webpage{michseagr2018,
	Author = {{University of Michigan}; {Michigan State University}},
	Date-Added = {2018-01-28 20:59:17 +0000},
	Date-Modified = {2018-01-29 18:16:39 +0000},
	Title = {Michigan Sea Grant},
	Url = {http://www.miseagrant.umich.edu/},
	Year = {2018}}

@article{broder2000graph,
	Author = {Broder, Andrei and Kumar, Ravi and Maghoul, Farzin and Raghavan, Prabhakar and Rajagopalan, Sridhar and Stata, Raymie and Tomkins, Andrew and Wiener, Janet},
	Date-Added = {2018-01-28 20:48:15 +0000},
	Date-Modified = {2018-01-28 20:48:15 +0000},
	Journal = {Computer networks},
	Number = {1-6},
	Pages = {309--320},
	Publisher = {Elsevier},
	Title = {Graph structure in the web},
	Volume = {33},
	Year = {2000}}

@webpage{usgs2018,
	Date-Added = {2018-01-26 17:50:23 +0000},
	Date-Modified = {2018-01-26 17:50:50 +0000},
	Month = {1},
	Url = {https://www1.usgs.gov/obis-usa/ipt/resource?r=usgs_glsc_rvcat_trawl},
	Year = {2018},
	Bdsk-Url-1 = {https://www1.usgs.gov/obis-usa/ipt/resource?r=usgs_glsc_rvcat_trawl}}

@article{walsh1997efficiency,
	Author = {Walsh, Stephen J},
	Date-Added = {2018-01-26 14:47:55 +0000},
	Date-Modified = {2018-01-26 14:47:55 +0000},
	Journal = {Oceanographic Literature Review},
	Number = {44},
	Pages = {748},
	Title = {Efficiency of bottom sampling trawls in deriving survey abundance indices},
	Volume = {7},
	Year = {1997}}

@webpage{michigan2017,
	Author = {Ronald Kinnunen},
	Date-Added = {2018-01-26 14:35:05 +0000},
	Date-Modified = {2018-01-26 14:37:31 +0000},
	Journal = {Michigan State University Extension},
	Keywords = {28},
	Month = {February},
	Title = {Great Lakes prey fish populations declining},
	Url = {http://msue.anr.msu.edu/news/great_lakes_prey_fish_populations_declining_msg17_kinnunen17},
	Year = {2017},
	Bdsk-Url-1 = {http://msue.anr.msu.edu/news/great_lakes_prey_fish_populations_declining_msg17_kinnunen17}}
